@inproceedings{martins2016softmax,
  title={\href{https://arxiv.org/pdf/1602.02068.pdf}{From softmax to sparsemax: A sparse model of attention and multi-label classification}},
  author={Martins, Andre and Astudillo, Ramon},
  booktitle={International Conference on Machine Learning},
  pages={1614--1623},
  year={2016}
}

@article{elman1990finding,
  title={\href{https://doi.org/10.1016%2F0364-0213%2890%2990002-E}{Finding structure in time}},
  author={Elman, Jeffrey L},
  journal={Cognitive science},
  year={1990},
  publisher={Wiley Online Library}
}

@article{cho2014learning,
  title={\href{https://arxiv.org/abs/1406.1078}{Learning phrase representations using RNN encoder-decoder for statistical machine translation}},
  author={Cho, Kyunghyun and Van Merri{\"e}nboer, Bart and Gulcehre, Caglar and Bahdanau, Dzmitry and Bougares, Fethi and Schwenk, Holger and Bengio, Yoshua},
  journal={arXiv preprint arXiv:1406.1078},
  year={2014}
}

@article{rush2015neural,
  title={\href{https://arxiv.org/abs/1509.00685}{A neural attention model for abstractive sentence summarization}},
  author={Rush, Alexander M and Chopra, Sumit and Weston, Jason},
  journal={Proceedings of EMNLP},
  year={2015}
}

@article{bahdanau2014neural,
  title={\href{https://arxiv.org/abs/1409.0473}{Neural machine translation by jointly learning to align and translate}},
  author={Bahdanau, Dzmitry and Cho, Kyunghyun and Bengio, Yoshua},
  journal={International Conference on Learning Representations},
  year={2015}
}
